@string{sicomp="{{SIAM} Journal on Computing}"}
@string{polymorphism="{Polymorphism: The {ML}/{LCF}/{HOPE} Newsletter}"}
@string{tcs="{Theoretical Computer Science}"}
@string{jcss="{Journal of Computer and System Sciences}"}
@string{cacm="{Communications of the {ACM}}"}
@string{toplas="{{ACM} TOPLAS}"}
@string{tocl="{{ACM} Transactions on Computational Logic}"}
@string{loplas="{{ACM} Letters on Programming Languages and Systems}"}
@string{jacm="{Journal of the {ACM}}"}
@string{jsl="{Journal of Symbolic Logic}"}
@string{zml="{Zeitschrift {f\"ur} Mathematische Logik und Grundlagen der Mathematik}"}
@string{icold="{Information and Control}"}
@string{ic="{Information and Computation}"}
@string{aml="{Annals of Mathematical Logic}"}
@string{apal="{Annals of Pure and Applied Logic}"}
@string{jar="{Journal of Automated Reasoning}"}
@string{jsc="{Journal of Symbolic Computation}"}
@string{cs="{Computing Surveys}"}
@string{ipl="{Information Processing Letters}"}
@string{jlp="{Journal of Logic Programming}"}
@string{scp="{Science of Computer Programming}"}
@string{ai="{Acta Informatica}"}
@string{lasc="{{LISP} and Symbolic Computation}"}
@string{jfp="{Journal of Functional Programming}"}
@string{mscs="{Mathematical Structures in Computer Science}"}
@string{tic = "{Workshop on Types in Compilation}"}
@string{jlc = "{Journal of Logic and Computation}"}

@string{lncs="{Lecture Notes in Computer Science}"}
@string{lnm="{Lectures Notes in Mathematics}"}

@string{popl="{ {ACM SIGPLAN} Symposium on Principles of Programming Languages (POPL)}"}
@string{icfp="{ {ACM SIGPLAN} International Conference on Functional Programming (ICFP)}"}
@string{esop="{{European Symposium on Programming (ESOP)}}"}
@string{lics="{ Symposium on Logic in Computer Science}"}
@string{cade="{ Conference on Automated Deduction}"}
@string{lofp="{Logics of Programs}"}
@string{lfpsymp="{ {ACM} Symposium on {LISP} and Functional Programming}"}
@string{lfpconf="{ {ACM} Conference on {LISP} and Functional Programming}"}
@string{fpca="{ Conference on Functional Programming and Computer Architecture}"}
@string{stoc="{ Symposium on the Theory of Computing}"}
@string{focs="{ Symposium on the Foundations of Computer Science}"}
@string{icalp="{ International Colloquium on Automata, Languages, and
		  Programming}"}
@string{pldi="{{ACM SIGPLAN} Conference on Programming Language Design and
		  Implementation (PLDI)}"}

@string{springer="{Springer-Verlag}"}
@string{nh="{North-Holland}"}
@string{ph="{Prentice-Hall}"}
@string{aw="{Addison-Wesley}"}
@string{ap="{Academic Press}"}
@string{cup="{Cambridge University Press}"}
@string{mitp="{MIT Press}"}

@string{first="First"}
@string{second="Second"}
@string{third="Third"}
@string{fourth="Fourth"}
@string{fifth="Fifth"}
@string{sixth="Sixth"}
@string{seventh="Seventh"}
@string{eighth="Eighth"}
@string{ninth="Ninth"}
@string{tenth="Tenth"}
@string{eleventh="Eleventh"}
@string{twelfth="Twelfth"}
@string{thirteenth="Thirteenth"}
@string{fourteenth="Fourteenth"}
@string{fifteenth="Fifteenth"}
@string{sixteenth="Sixteenth"}
@string{seventeenth="Seventeenth"}
@string{eighteenth="Eighteenth"}
@string{nineteenth="Nineteenth"}
@string{twentieth="Twentieth"}
@string{twentyfirst="Twenty-First"}
@string{twentysecond="Twenty-Second"}
@string{twentythird="Twenty-Third"}
@string{twentyseventh="Twenty-Seventh"}

@string{lfcs="Laboratory for the Foundations of Computer Science, Edinburgh University"}
@string{cmu="School of Computer Science, Carnegie Mellon University"}
@string{dec-src="DEC Systems Research Center"}
@string{liens="Laboratoire d'Informatique de l'Ecole Normale Sup{\'e}rieure"}

@inproceedings{odersky+:nominal,
  author = "M. Odersky and V. Cremet and C. R{\"o}ckl and M. Zenger",
  title = "A nominal theory of objects with dependent types",
  booktitle = "ECOOP '03",
}
 
@inproceedings{odersky+:scalable,
  author = "Martin Odersky and Matthias Zenger",
  title = "Scalable component abstractions",
  booktitle = "OOPSLA '05",
}

@inproceedings{bracha+:mixin,
  author = "Gilad Bracha and William Cook",
  title = "Mixin-based Inheritance",
  booktitle = "OOPSLA '90",
}

@inproceedings{bracha+:modularity,
  author = "Gilad Bracha and Gary Lindstrom",
  title = "Modularity Meets Inheritance",
  booktitle = "ICCL '92",
}

@inproceedings{rossberg:components,
  author = "Andreas Rossberg",
  title = "The missing link -- Dynamic components for {ML}",
  booktitle = "ICFP '06",
}

@article{ancona+:theory,
    author = "Davide Ancona and Elena Zucca",
    title = "A Theory of Mixin Modules: Basic and Derived Operators",
    journal = "MSCS",
    volume = "8",
    number = "4",
    year = "1998",
}
  
@article{ancona+:cms,
  author = "Davide Ancona and Elena Zucca",
  title = "A Calculus of Module Systems",
  journal = {JFP},
  volume = 12,
  number = 2,
  year = 2002,
 }
 
@inproceedings{ancona+:effects,
 author = "D. Ancona and S. Fagorzi and E. Moggi and E. Zucca",
 title = "Mixin modules and computational effects",
 booktitle = "ICALP~'03"
}

@ARTICLE{hirschowitz+:cbv,
  AUTHOR = {Tom Hirschowitz and Xavier Leroy},  
  TITLE = {Mixin modules in a call-by-value setting},  
  JOURNAL = toplas,  
  VOLUME = 27,  
  NUMBER = 5,  
  PAGES = {857--881},  
  YEAR = 2005,
}

@inproceedings{moon:flavors,
  author = "D. A. Moon",
  title = "Object-oriented programming with {Flavors}",
  booktitle = "OOPSLA~'86",
}

@inproceedings{duggan:mixin,
  author = "Dominic Duggan and Constantinos Sourelis",
  title = "Mixin modules",
  booktitle = "ICFP~'96",
}

@article{duggan:linking,
  author = "Dominic Duggan",
  title = "Type-safe linking with recursive {DLLs} and shared libraries",
  journal = toplas,
  volume = 24,
  number = 6,
  pages = "711--804",
  year = "2002",
 }

@InProceedings{dreyer:well-founded,
  author = 	 {Derek Dreyer},
  title = 	 {A Type System for Well-Founded Recursion},
  booktitle = 	 "POPL~'04",
}

@inproceedings{nystrom+:nested,
  author = "Nathaniel Nystrom and Xin Qi and Andrew Myers",
  title = "J\&: {Nested} Intersection for Scalable Software Composition",
  booktitle = "OOPSLA~'06",
}

@inproceedings{ramsey+:signatures,
  author = "Norman Ramsey and Kathleen Fisher and Paul Govereau",
  title = "An expressive language of signatures",
  booktitle = "ICFP~'05",
}
  
@InProceedings{jones:fundeps,
  author = 	 {Mark P. Jones},
  title = 	 {Type Classes with Functional Dependencies},
  booktitle = 	 {ESOP~'00},
}

@inproceedings{chak-etal:at-syns,
 author = {Manuel M. T. Chakravarty and Gabriele Keller and Simon Peyton Jones},
 title = {Associated Type Synonyms},
 booktitle = {ICFP '05},
 }

@inproceedings{chak-etal:ATs,
 author = {Manuel M. T. Chakravarty and Gabriele Keller and Simon Peyton Jones and Simon Marlow},
 title = {Associated types with class},
 booktitle = {POPL '05},
 }

@MastersThesis{wehr:modules,
  author = 	 {Stefan Wehr},
  title = 	 {{ML} Modules and {Haskell} Type Classes: A Constructive 
		 Comparison},
  school = 	 {Albert-Ludwigs-Universit{\"a}t Freiburg, 
		  Institut f{\"u}r Informatik},
  year = 	 2005,
}

@Article{jones:constr-class,
  author = 	 "Mark P. Jones",
  title = 	 "A System of Constructor Classes: Overloading and
		  Implicit Higher-Order Polymorphism",
  journal =	 "Journal of Functional Programming",
  volume =	 5,
  number =	 1,
  year =	 1995,
}

@inproceedings{kahl-scheffczyk:named-instances,
  author = 	 {Wolfram Kahl and Jan Scheffczyk},
  title = 	 {Named Instances for {Haskell} Type Classes},
  booktitle = 	 {Haskell Workshop},
  year = 	 2001,
}

@Article{haskell98,
  author = 	 {Simon {Peyton Jones} and others},
  title = 	 {Haskell 98 Language and Libraries: the Revised Report},
  journal = 	 {Journal of Functional Programming},
  year = 	 2003,
  volume =	 13,
  number =	 1,
  URL =          "http://haskell.org/definition/",
}

@inproceedings{wadler-blott:type-classes,
  author = {P. Wadler and S. Blott},
  title = {How to make ad-hoc polymorphism less ad-hoc},
  booktitle = {POPL '89},
}

@inproceedings{jones:qual-types,
 author = {Mark P. Jones},
 title = {A theory of qualified types},
 booktitle = {ESOP '92},
}

@InProceedings{chen-etal:parametric-TCs,
  author = 	 {Kung Chen and Paul Hudak and Martin Odersky},
  title = 	 {Parametric Type Classes},
  booktitle = 	 {ACM Conf.\ on Lisp and Functional Programming},
  year =	 1992,
  publisher =	 {ACM Press}
}

@inproceedings{macqueen:modules,
 author = {David MacQueen},
 title = {Modules for {Standard ML}},
 booktitle = {LFP '84},
 }

@inproceedings{stone-harper:singleton,
 author = {Christopher A. Stone and Robert Harper},
 title = {Deciding type equivalence in a language with singleton kinds},
 booktitle = {POPL '00},
 }

@inproceedings{dreyer-etal:ho-modules,
 author = {Derek Dreyer and Karl Crary and Robert Harper},
 title = {A type system for higher-order modules},
 booktitle = {POPL '03: Proc.\ of the 30th ACM SIGPLAN-SIGACT symposium on Principles of programming languages},
 year = {2003},
 isbn = {1-58113-628-5},
 pages = {236--249},
 location = {New Orleans, Louisiana, USA},
 doi = {http://doi.acm.org/10.1145/604131.604151},
 publisher = {ACM Press},
 address = {New York, NY, USA},
 }

@TechReport{harper-stone:ml-tt,
  author = 	 "Robert Harper and Chris Stone",
  title = 	 "An Interpretation of {Standard ML} in Type Theory",
  institution =  "Carnegie Mellon University",
  year = 	 1997,
  number =	 "CMU--CS--97--147",
  address =	 "Pittsburgh, PA",
  month =	 "June",
  note =	 "(Also published as Fox Memorandum CMU--CS--FOX--97--01.)"
}

@InProceedings{jones:improving-qualified-types,
  author = 	 {Mark P. Jones},
  title = 	 {Simplifying and Improving Qualified Types},
  booktitle = 	 {FPCA~'95}
}

@InProceedings{harper+:sharing,
  author = 	 "Robert Harper and Mark Lillibridge",
  title = 	 "A Type-Theoretic Approach to Higher-Order Modules with
		  Sharing",
  booktitle =    {POPL '94},
}

@InProceedings{tarditi+:til,
  author = 	 "David Tarditi and Greg Morrisett and Perry Cheng and Chris
		  Stone and Robert Harper and Peter Lee",
  title = 	 "{TIL}: A Type-Directed Optimizing Compiler for {ML}",
  pages =	 "181--192",
  booktitle =	 pldi,
  year =	 1996,
  address =	 "Philadelphia, PA",
  month =	 "May"
}

@TechReport{tarditi+:til-tr,
  author = 	 "David Tarditi and Greg Morrisett and Perry Cheng and Chris
		  Stone and Robert Harper and Peter Lee",
  title = 	 {{TIL}: A Type-Directed Optimizing Compiler for ML},
  institution =  {Carnegie Mellon University School of Computer Science},
  year = 	 1996,
  number =	 {CMU--CS--96--108},
  address =	 {Pittsburgh, PA},
  month =	 {February}
}

@TechReport{harper+:sml96tt-tr,
  author = 	 "Robert Harper and Chris Stone",
  title = 	 "A Type-Theoretic Account of {S}tandard {ML} 1996 (Version
		  2)",
  institution =  cmu,
  year = 	 1996,
  number =	 "CMU--CS--96--136R",
  address =	 "Pittsburgh, PA",
  month =	 "September"
}

@InCollection{harper+:smltt-final,
  author = 	 {Robert Harper and Chris Stone},
  title = 	 {A Type-Theoretic Interpretation of {S}tandard {ML}},
  booktitle = 	 {Proof, Language, and Interaction: Essays in Honor of Robin Milner},
  publisher =	 {MIT Press},
  year =	 2000,
}

@InProceedings{stone+:singletons,
 author = {Christopher A. Stone and Robert Harper},
 title = {Deciding type equivalence in a language with singleton kinds},
 booktitle = {POPL '00},
}

@Article{stone+:singletons-tocl,
  author = 	 {Christopher A. Stone and Robert Harper},
  title = 	 {Extensional Equivalence and Singleton Types},
  journal = 	 {{ACM} Transactions on Computational Logic},
  year = 	 {2006},
  note =	 {To appear}
}

@InProceedings{dreyer+:thoms,
  author = 	 {Derek Dreyer and Karl Crary and Robert Harper},
  title = 	 {A Type System for Higher-Order Modules},
  booktitle = {POPL '03},
}

@Book{milner+:def-of-sml-revised,
  author = 	 "Robin Milner and Mads Tofte and Robert Harper and David
		  MacQueen",
  title = 	 "The Definition of {S}tandard {ML} (Revised)",
  publisher = 	 "MIT Press",
  year = 	 1997
}

@book{milner+:def-of-sml,
 author = {Robin Milner and Mads Tofte and Robert Harper},
 title = {The Definition of {Standard} {ML}},
 publisher = {MIT Press},
 year = {1990},
} 

@inproceedings{ damas+:pts,
	author="Luis Damas and Robin Milner",
	title="Principal Type Schemes for Functional Programs",
        booktitle={POPL '82},
}

@MASTERSTHESIS{schneider:ml-type-classes,
  title = "{ML} mit {T}ypklassen",
  year = {2000},
  author = {Gerhard Schneider},
  month = jun,
  publisher = {Diplomarbeit.  Fachrichtung Informatik, 
    Universit{\"a}t des Saarlandes}
}

@InProceedings{siek+:concepts,
  author = 	 {Jeremy Siek and Andrew Lumsdaine},
  title = 	 {Essential Language Support for Generic Programming},
  booktitle = 	 {PLDI~'05},
}

@PhdThesis{siek:thesis,
  author = 	 {Jeremy Siek},
  title = 	 {A Language for Generic Programming},
  school = 	 {Indiana University},
  year = 	 {2005},
  month =        aug,
}

@Misc{shan:ho-mod-systemf,
  author =	 {Chung-chieh Shan},
  title =	 {Higher-order modules in {System} {F\(\omega\)} and {Haskell}},
  url = {http://www.eecs.harvard.edu/~ccshan/xlate/xlate.pdf},
  year =	 2004
}


@InProceedings{peyton-jones-etal:tc-exploring,
  author = 	 {Simon Peyton Jones and Mark Jones and Erik Meijer},
  title = 	 {Type classes: {E}xploring the design space},
  booktitle = 	 {Haskell Workshop},
  year =	 1997
}

@PhdThesis{dreyer:thesis,
  author = 	 {Derek Dreyer},
  title = 	 {Understanding and Evolving the ML Module System},
  school = 	 {Carnegie Mellon University},
  year = 	 {2005},
  month =        may,
  address =      {Pittsburgh, PA},
}

@InProceedings{ harper+:phase,
  author = 	 "Robert Harper and John C. Mitchell and Eugenio Moggi",
  title = 	 "Higher-Order Modules and the Phase Distinction",
  booktitle =    {POPL '90},
}

@Book{jones:qualified-types,
  author =	 {Mark P. Jones},
  title = 	 {Qualified Types: Theory and Practice},
  publisher = 	 {Cambridge University Press},
  year = 	 1994
}

@InProceedings{jones:param-sigs,
  author = 	 {Mark P. Jones},
  title = 	 {Using Parameterized Signatures to Express Modular Structure},
  booktitle = 	 {POPL~'96},
}

@InProceedings{nakata+:icfp06,
  author = 	 {Keiko Nakata and Jacques Garrigue},
  title = 	 {Recursive Modules for Programming},
  booktitle = 	 {ICFP~'06},
}

@InProceedings{crary+:recmod-pldi,
  author = 	 {Karl Crary and Robert Harper and Sidd Puri},
  title = 	 {What is a Recursive Module?},
  booktitle = 	 {PLDI~'99}
}

@Article{dreyer:rtg,
  author = 	 {Derek Dreyer},
  title = 	 {Recursive Type Generativity},
  journal = 	{JFP},
  year = 	 2007,
  volume = 	 {17},
  number = 	 {4\&5},
}

@article{leroy:modular,
  author = "Xavier Leroy",
  title = "A modular module system",
  journal = jfp,
  volume = 10,
  number = 3,
  pages = "269--303",
  year = 2000,
}

@InProceedings{leroy:manifest-types,
author  =       "Xavier Leroy" ,
title   =       "Manifest types, modules, and separate compilation" ,
booktitle=      {POPL~'94},
}

@InProceedings{leroy:applicative-functors,
  author = 	 "Xavier Leroy",
  title = 	 "Applicative Functors and Fully Transparent Higher-Order
		  Modules",
  booktitle =	 {POPL~'95},
}

@misc{cardelli+:modula3,
  author = "L. Cardelli and J. Donahue and L. Glassman and M. Jordan and B. Kalsow and G. Nelson",
  title = "Modula-3 {Report} (Revised)",
  note = "Tech. Rep. 52, DEC-SRC, 1989",
}

@Article{pierce+:lti-toplas,
  author = 	 {Benjamin C. Pierce and David N. Turner},
  title = 	 {Local Type Inference},
  journal = 	 {TOPLAS},
  year = 	 {2000},
  volume = 	 {22},
  number = 	 {1},
  pages = 	 {1--44},
}

@InProceedings{pottier+:sti,
  author = 	 {Fran\c{c}ois Pottier and Yann-R\'egis Gianas},
  title = 	 {Stratified type inference for generalized algebraic data types},
  booktitle = 	 {POPL~'06},
}

@PhdThesis{tofte:thesis,
  author = 	 {Mads Tofte},
  title = 	 {Operational Semantics and Polymorphic Type Inference},
  school = 	 {University of Edinburgh},
  year = 	 {1988},
}

@PhdThesis{elsman:thesis,
  author = 	 {Martin Elsman},
  title = 	 {Program Modules, Separate Compilation, and Intermodule Optimisation},
  school = 	 {University of Copenhagen},
  year = 	 {1999},
}

@InCollection{harper+:attapl,
  author = 	 {Robert Harper and Benjamin C. Pierce},
  title = 	 {Design Considerations for {ML}-Style Module Systems},
  publisher = 	 {MIT Press},
  year = 	 2005,
  booktitle =    {Advanced Topics in Types and Programming Languages},
  editor =       {Benjamin C. Pierce},
}

@InProceedings{russo:recursive,
  author = 	 {Claudio V. Russo},
  title = 	 {Recursive Structures for {Standard ML}},
  booktitle = 	 {ICFP~'01}
}

@Misc{leroy:recursive,
  author = 	 {Xavier Leroy},
  title = 	 {A proposal for recursive modules in {Objective Caml}},
  year = 	 2003,
  url = 	 {http://caml.inria.fr/pub/papers/xleroy-recursive_modules-03.pdf},
}

@article{mitchell+:existential,
 author = "John C. Mitchell and Gordon D. Plotkin",
 title = "Abstract Types Have Existential Type",
 journal = {TOPLAS},
 year = 1988,
 volume = 10,
 number = 3,
 pages = "470--502",
}

@PhdThesis{russo:thesis,
  author = 	 {Claudio V. Russo},
  title = 	 {Types for Modules},
  school = 	 {University of Edinburgh},
  year = 	 1998,
}

@Misc{moscowml,
  title =	 {Moscow {ML}},
  key = {moscowml},
  url =	 {http://www.dina.dk/~sestoft/mosml.html}
}

@Misc{ocaml,
  title =	 {The {Objective Caml} System: Documentation and User's Manual},
  author =       {Xavier Leroy},
  url =	 {http://caml.inria.fr/ocaml/htmlman/},
}

@InProceedings{flatt+:units,
  author = 	 {Matthew Flatt and Matthias Felleisen},
  title = 	 {Units: Cool Modules for {HOT} Languages},
  booktitle = 	 {PLDI~'98}
}

@InProceedings{owens+:units,
  author = 	 {Scott Owens and Matthew Flatt},
  title = 	 {From Structures and Functors to Modules and Units},
  booktitle = 	 {ICFP~'06},
}

@Misc{tilt,
  title =	 {The {TILT Compiler for SML}},
  key =          {tilt},
  url =	 {http://www.tilt.cs.cmu.edu},
}

@Article{henglein:polyrec,
  author =       {Fritz Henglein},
  title =        {Type Inference with Polymorphic Recursion},
  journal =      {TOPLAS},
  year =         1993,
  pages =        {253--289},
  volume =       15,
  number =       2
}

@Book{okasaki:thesis,
  author = 	 {Chris Okasaki},
  title = 	 {Purely Functional Data Structures},
  publisher = 	 {Cambridge University Press},
  year = 	 {1998},
}

@TechReport{dreyer:practical,
  author = 	 {Derek Dreyer},
  title = 	 {Practical Type Theory for Recursive Modules},
  institution =  {University of Chicago, Department of Computer Science},
  year = 	 2006,
  number =	 "TR-2006-07",
  month =	 aug
}

@InProceedings{dreyer+:principal,
  author = 	 {Derek Dreyer and Matthias Blume},
  title = 	 {Principal Type Schemes for Modular Programs},
  booktitle = 	 {ESOP~'07},
}

@InProceedings{dreyer:recursive,
  author = 	 {Derek Dreyer},
  title = 	 {A Type System for Recursive Modules},
  booktitle = 	 {ICFP '07},
}

@inproceedings{im+:oopsla11,
  author = "Hyeonseung Im and Keiko Nakata and Jacques Garrigue and Sungwoo Park",
  title = "A Syntactic Type System for Recursive Modules",
  booktitle = {OOPSLA '11},
}


@article{amadio+:subtyping-rectypes,
  author = "Roberto Amadio and Luca Cardelli",
  title = "Subtyping Recursive Types",
  journal = {TOPLAS},
  year = 1993,
  volume = 15,
  number = 4,
  pages = "575--631",
}

@Article{goldfarb:hou,
  author = 	 {Warren D. Goldfarb},
  title = 	 {The Undecidability of the Second-Order Unification Problem},
  journal = 	 {Theoretical Computer Science},
  year = 	 {1981},
  volume = 	 {13},
  pages = 	 {225--230},
}

@article{rossberg+:mixml,
  author = "Andreas Rossberg and Derek Dreyer",
  title = "Mixin' Up the {ML} Module System",
  journal = toplas,
  volume = 35,
  number = 1,
  year = 2013,
 }

@inproceedings{hudak+:history-haskell,
  author = {Hudak, Paul and Hughes, John and Peyton Jones, Simon and Wadler, Philip},
  title = {A history of {Haskell}: {Being} lazy with class},
  booktitle = {HOPL III},
  year = {2007},
} 

@article{rossberg+:f-ing,
  author = {Andreas Rossberg and Claudio Russo and Derek Dreyer},
  title = {F-ing modules},
  journal = {JFP},
  volume = {24},
  number = {5},
  year = {2014},
}

@PhdThesis{huet:thesis,
  author       = "G{\'e}rard Huet",
  title        = "{R}{\'e}solution d'{\'e}quations dans des langages
                 d'ordre $1$, $2$, $\ldots$, $\omega$.",
  school       = "Universit{\'e} Paris 7",
  month        = sep,
  year         = "1976",
}

@InProceedings{gauthier+:numbering,
  author       = "Nadji Gauthier and Fran\c{c}ois Pottier",
  title        = "Numbering Matters: First-Order Canonical Forms for
                 Second-Order Recursive Types",
  booktitle    = {ICFP '04},
}

@inproceedings{diatchki+:haskell-modules,
 author = {Diatchki, Iavor S. and Jones, Mark P. and Hallgren, Thomas},
 title = {A formal specification of the {Haskell} 98 module system},
 booktitle = {Haskell '02},
} 

@article{faxen:haskell,
 author = {Fax{\'e}n, Karl-Filip},
 title = {A static semantics for {Haskell}},
 journal = {JFP},
 volume = {12},
 number = {5},
 year = {2002},
} 

@inproceedings{swasey+:smlsc,
 author = {Swasey, David and Tom {Murphy VII} and Crary, Karl and Harper, Robert},
 title = {A separate compilation extension to {Standard ML}},
 booktitle = {ML '06},
} 

@ARTICLE{zucca+:fjig,
  title = {Featherweight {Jigsaw}: {Replacing} inheritance by composition in {Java}-like languages},
  author = {Lagorio, Giovanni and Servetto, Marco and Zucca, Elena},
  journal = {Information and Computation},
  volume = {214},
  year = {2012},
}

@INPROCEEDINGS{zucca+:deepfjig,
  title = {{DeepFJig}: {Modular} composition of nested classes},
  author = {Corradi, Andrea and Servetto, Marco and Zucca, Elena},
  booktitle = {PPPJ '11},
}

@INPROCEEDINGS{ancona+:components,
  title = {Flexible type-safe linking of components for {Java}-like languages},
  author = {Ancona, Davide and Lagorio, Giovanni and Zucca, Elena},
  booktitle = {JMLC '06},
}

@INPROCEEDINGS{ancona+:smartjavamod,
  title = {Smart modules for {Java}-like languages},
  author = {Ancona, Davide and Lagorio, Giovanni and Zucca, Elena},
  booktitle = {FTfJP '05},
}

@INPROCEEDINGS{ancona+:polybytecode,
  title = {Polymorphic bytecode: compositional compilation for {Java}-like languages},
  author = {Ancona, Davide and Damiani, Ferruccio and Drossopoulou, Sophia and Zucca, Elena},
  booktitle = {POPL '05},
}

@Article{sewell+:acute,
  author = 	 {Peter Sewell and James J. Leifer and Keith Wansbrough and Francesco {Zappa Nardelli} and Mair Allen-Williams and Pierre Habouzit and Viktor Vafeiadis},
  title = 	 {Acute: {High-level} programming language design for distributed computation},
  journal = 	 {JFP},
  year = 	 {2007},
  volume = {17},
  number = 	 {4--5},
}

@INPROCEEDINGS{cardelli:linksets,
  title = {Program fragments, linking, and modularization},
  author = {Cardelli, Luca},
  booktitle = {POPL '97},
}

@techreport{considine:hashconsing,
  author = {Jeffrey Considine},
  title = {Efficient Hash-Consing of Recursive Types},
  institution = {Boston University},
  year = {2000},
  url = {http://www.cs.bu.edu/techreports/pdf/2000-006-hashconsing-recursive-types.pdf}
}

@INPROCEEDINGS{backpack,
  title = {Backpack: Retrofitting {Haskell} with Interfaces},
  author = {Scott Kilpatrick and Derek Dreyer and Simon Peyton Jones and Simon Marlow},
  booktitle = {POPL '14},
}

@inproceedings{mirageos,
 author = {Madhavapeddy, Anil and Mortier, Richard and Rotsos, Charalampos and Scott, David and Singh, Balraj and Gazagnaire, Thomas and Smith, Steven and Hand, Steven and Crowcroft, Jon},
 title = {Unikernels: Library Operating Systems for the Cloud},
 booktitle = {ASPLOS '13},
} 

@article{eelco+:nixos,
  author = {Dolstra, Eelco and L\"{o}h, Andres and Pierron, Nicolas},
  title = {NixOS: A purely functional {Linux} distribution},
  journal = {JFP},
  volume = {20},
  issue = {5-6},
  year = {2010},
}

@PhdThesis{dolstra:thesis,
  author =   {Eelco Dolstra},
  title =    {The Purely Functional Software Deployment Model},
  school =   {Utrecht University},
  year =   {2006},
}

@techreport{well-typed-qualified,
  author = {Edsko de Vries},
  title = {Qualified goals in the {Cabal} solver},
  institution = {Well Typed},
  year = 2015,
  url = {http://www.well-typed.com/blog/106/},
}

@techreport{well-typed-solver,
  author = {Andres Loh and Duncan Coutts},
  title = {A new modular dependency solver for cabal-install},
  institution = {Well Typed},
  year = 2011,
  url = {https://www.haskell.org/wikiupload/b/b4/HIW2011-Talk-Loeh.pdf},
}

@inproceedings{schrijvers+:typefamilies,
  author = {Schrijvers, Tom and {Peyton Jones}, Simon and Chakravarty, Manuel and Sulzmann, Martin},
  title = {Type Checking with Open Type Functions},
  booktitle = {ICFP '08},
  year = {2008},
}

@inproceedings{Fischer:2010:PRE:1863543.1863594,
 author = {Fischer, Sebastian and Huch, Frank and Wilke, Thomas},
 title = {A Play on Regular Expressions: Functional Pearl},
 booktitle = {Proceedings of the 15th ACM SIGPLAN International Conference on Functional Programming},
 series = {ICFP '10},
 year = {2010},
 isbn = {978-1-60558-794-3},
 location = {Baltimore, Maryland, USA},
 pages = {357--368},
 numpages = {12},
 url = {http://doi.acm.org/10.1145/1863543.1863594},
 doi = {10.1145/1863543.1863594},
 acmid = {1863594},
 publisher = {ACM},
 address = {New York, NY, USA},
 keywords = {finite automata, glushkov construction, purely functional programming, regular expressions},
} 

@article{Vytiniotis:2011:OMT:2139531.2139533,
 author = {Vytiniotis, Dimitrios and Peyton jones, Simon and Schrijvers, Tom and Sulzmann, Martin},
 title = {OutsideIn(x): Modular Type Inference with Local Assumptions},
 journal = {J. Funct. Program.},
 issue_date = {September 2011},
 volume = {21},
 number = {4-5},
 month = sep,
 year = {2011},
 issn = {0956-7968},
 pages = {333--412},
 numpages = {80},
 url = {http://dx.doi.org/10.1017/S0956796811000098},
 doi = {10.1017/S0956796811000098},
 acmid = {2139533},
 publisher = {Cambridge University Press},
 address = {New York, NY, USA},
} 

@article{Weirich:2011:GTA:1925844.1926411,
 author = {Weirich, Stephanie and Vytiniotis, Dimitrios and Peyton Jones, Simon and Zdancewic, Steve},
 title = {Generative Type Abstraction and Type-level Computation},
 journal = {SIGPLAN Not.},
 issue_date = {January 2011},
 volume = {46},
 number = {1},
 month = jan,
 year = {2011},
 issn = {0362-1340},
 pages = {227--240},
 numpages = {14},
 url = {http://doi.acm.org/10.1145/1925844.1926411},
 doi = {10.1145/1925844.1926411},
 acmid = {1926411},
 publisher = {ACM},
 address = {New York, NY, USA},
 keywords = {haskell, newtype deriving, type functions},
} 


@article{Breitner:2014:SZC:2692915.2628141,
 author = {Breitner, Joachim and Eisenberg, Richard A. and Peyton Jones, Simon and Weirich, Stephanie},
 title = {Safe Zero-cost Coercions for Haskell},
 journal = {SIGPLAN Not.},
 issue_date = {September 2014},
 volume = {49},
 number = {9},
 month = aug,
 year = {2014},
 issn = {0362-1340},
 pages = {189--202},
 numpages = {14},
 url = {http://doi.acm.org/10.1145/2692915.2628141},
 doi = {10.1145/2692915.2628141},
 acmid = {2628141},
 publisher = {ACM},
 address = {New York, NY, USA},
 keywords = {coercion, haskell, newtype deriving, type class},
} 


@article{Launchbury:1994:LFS:773473.178246,
 author = {Launchbury, John and Peyton Jones, Simon L.},
 title = {Lazy Functional State Threads},
 journal = {SIGPLAN Not.},
 issue_date = {June 1994},
 volume = {29},
 number = {6},
 month = jun,
 year = {1994},
 issn = {0362-1340},
 pages = {24--35},
 numpages = {12},
 url = {http://doi.acm.org/10.1145/773473.178246},
 doi = {10.1145/773473.178246},
 acmid = {178246},
 publisher = {ACM},
 address = {New York, NY, USA},
} 
